<record><leader>00000cas a22000007a 4500</leader><controlfield tag="001">12487441</controlfield><controlfield tag="008">850904d19321932iauwr ne      0    0eng d</controlfield><datafield ind1=" " ind2=" " tag="010"><subfield code="a">sn 85049760 </subfield></datafield><datafield ind1=" " ind2=" " tag="040"><subfield code="a">INP</subfield><subfield code="b">eng</subfield><subfield code="c">INP</subfield><subfield code="d">OCLCQ</subfield></datafield><datafield ind1=" " ind2=" " tag="042"><subfield code="a">msc</subfield></datafield><datafield ind1="0" ind2="0" tag="245"><subfield code="a">Amana Society Corporation news bulletin.</subfield></datafield><datafield ind1=" " ind2=" " tag="260"><subfield code="a">[Amana, Iowa :</subfield><subfield code="b">Amana Society],</subfield><subfield code="c">1932.</subfield></datafield><datafield ind1=" " ind2=" " tag="300"><subfield code="a">1 v. ;</subfield><subfield code="c">42 cm.</subfield></datafield><datafield ind1=" " ind2=" " tag="310"><subfield code="a">Weekly</subfield></datafield><datafield ind1="0" ind2=" " tag="362"><subfield code="a">Vol. 1, no. 1 (May 12, 1932)-v. 1, no. 34 (Dec. 29, 1932).</subfield></datafield><datafield ind1=" " ind2=" " tag="752"><subfield code="a">United States</subfield><subfield code="b">Iowa</subfield><subfield code="c">Iowa</subfield><subfield code="d">Amana.</subfield></datafield><datafield ind1="0" ind2="0" tag="785"><subfield code="t">Amana Society bulletin</subfield><subfield code="w">(DLC)sn 85049606</subfield></datafield></record>